@techreport{dingus2006100,
  title={The 100-car naturalistic driving study, Phase II-results of the 100-car field experiment},
  author={Dingus, Thomas A and Klauer, Sheila G and Neale, Vicki L and Petersen, Andy and Lee, Suzanne E and Sudweeks, JD and Perez, Miguel A and Hankey, Jonathan and Ramsey, DJ and Gupta, Santosh and others},
  year={2006}
}

@inproceedings{kaur2015vehicular,
  title={Vehicular clustering based on future position estimation for highway scenario},
  author={Kaur, Prabhsharan and Bali, Rasmeet Singh},
  booktitle={India Conference (INDICON), 2015 Annual IEEE},
  pages={1--6},
  year={2015},
  organization={IEEE}
}

@article{li2016modeling,
  title={Modeling driver behavior near intersections in hidden Markov model},
  author={Li, Juan and He, Qinglian and Zhou, Hang and Guan, Yunlin and Dai, Wei},
  journal={International journal of environmental research and public health},
  volume={13},
  number={12},
  pages={1265},
  year={2016},
  publisher={Multidisciplinary Digital Publishing Institute}
}

@techreport{kuge2000driver,
  title={A driver behavior recognition method based on a driver model framework},
  author={Kuge, Nobuyuki and Yamamura, Tomohiro and Shimoyama, Osamu and Liu, Andrew},
  year={2000},
  institution={SAE Technical Paper}
}

@inproceedings{liu2015classification,
  title={Classification of highway lane change behavior to detect dangerous cut-in maneuvers},
  author={Liu, Peng and Kurt, Arda and Redmill, Keith and Ozguner, Umit},
  booktitle={The Transportation Research Board (TRB) 95th Annual Meeting},
  volume={2},
  year={2015}
}

% utilization of a hidden markov model for the prediction of lane change maneuver

@inproceedings{woo2015detection,
  title={Detection Method of Lane Change Intentions in Other Drivers Using Hidden Markov Models},
  author={Woo, Hanwool and Ji, Yonghoon and Kono, Hitoshi and Tamura, Yusuke and Yamashita, Atsushi and Asama, Hajime},
  booktitle={The Abstracts of the international conference on advanced mechatronics: toward evolutionary fusion of IT and mechatronics: ICAM 2015.6},
  pages={253--254},
  year={2015},
  organization={The Japan Society of Mechanical Engineers}
}

@article{ryu2005state,
  title={State and parameter estimation for vehicle dynamics control using GPS.},
  author={Ryu, Jihan},
  year={2005}
}

@article{yoon2009hidden,
  title={Hidden Markov models and their applications in biological sequence analysis},
  author={Yoon, Byung-Jun},
  journal={Current genomics},
  volume={10},
  number={6},
  pages={402--415},
  year={2009},
  publisher={Bentham Science Publishers}
}